<collection>
     <record
       xmlns="http://www.loc.gov/MARC21/slim"
       xmlns:xsi="http://www.w3.org/2001/XMLSchema-instance"
       xsi:schemaLocation="http://www.loc.gov/MARC21/slim
       http://www.loc.gov/standards/marcxml/schema/MARC21slim.xsd">
        <leader>-----nam-a22-----1a-4500</leader>
        <controlfield tag="001">kpw0120405</controlfield>
        <controlfield tag="003">CZ-ZlKKF</controlfield>
        <controlfield tag="005">20150115112416.9</controlfield>
        <controlfield tag="007">ta</controlfield>
        <controlfield tag="008">940120s1992----xr |||||||||||001|||cze||</controlfield>
        <datafield tag="015" ind1=" " ind2=" ">
          <subfield code="a">cnb000076873</subfield>
        </datafield>
        <datafield tag="020" ind1=" " ind2=" ">
          <subfield code="a">80-200-0358-4</subfield>
          <subfield code="q">(váz.) :</subfield>
          <subfield code="c">Kčs 690,00</subfield>
        </datafield>
        <datafield tag="035" ind1=" " ind2=" ">
          <subfield code="a">(OCoLC)28826488</subfield>
        </datafield>
        <datafield tag="040" ind1=" " ind2=" ">
          <subfield code="a">ABA001</subfield>
          <subfield code="b">cze</subfield>
        </datafield>
        <datafield tag="041" ind1="1" ind2=" ">
          <subfield code="a">cze</subfield>
          <subfield code="a">lat</subfield>
          <subfield code="h">cze</subfield>
        </datafield>
        <datafield tag="044" ind1=" " ind2=" ">
          <subfield code="a">xr</subfield>
        </datafield>
        <datafield tag="072" ind1=" " ind2="7">
          <subfield code="a">27-46/-48</subfield>
          <subfield code="x">Pastorální teologie</subfield>
          <subfield code="2">Konspekt</subfield>
          <subfield code="9">5</subfield>
          <subfield code="7">sk135986</subfield>
        </datafield>
        <datafield tag="080" ind1=" " ind2=" ">
          <subfield code="a">27-1/-9</subfield>
          <subfield code="2">undef</subfield>
        </datafield>
        <datafield tag="080" ind1=" " ind2=" ">
          <subfield code="a">885.0-5</subfield>
          <subfield code="2">undef</subfield>
        </datafield>
        <datafield tag="100" ind1="1" ind2=" ">
          <subfield code="a">Hus, Jan,</subfield>
          <subfield code="d">ca 1371-1415</subfield>
          <subfield code="7">jk01043287</subfield>
          <subfield code="4">aut</subfield>
        </datafield>
        <datafield tag="240" ind1="1" ind2="0">
          <subfield code="a">Postilla</subfield>
        </datafield>
        <datafield tag="245" ind1="1" ind2="0">
          <subfield code="a">Česká nedělní postila =</subfield>
          <subfield code="b">Postilla de tempore Bohemica : vyloženie svatých čtení nedělních /</subfield>
          <subfield code="c">Jan Hus ; k vydání připravil Jiří Daňhelka</subfield>
        </datafield>
        <datafield tag="246" ind1="3" ind2="1">
          <subfield code="a">Postilla de tempore Bohemica</subfield>
        </datafield>
        <datafield tag="250" ind1=" " ind2=" ">
          <subfield code="a">1. vyd.</subfield>
        </datafield>
        <datafield tag="260" ind1=" " ind2=" ">
          <subfield code="a">Praha :</subfield>
          <subfield code="b">Academia,</subfield>
          <subfield code="c">1992</subfield>
          <subfield code="e">(Most :</subfield>
          <subfield code="f">Severografie)</subfield>
        </datafield>
        <datafield tag="300" ind1=" " ind2=" ">
          <subfield code="a">754 s. ;</subfield>
          <subfield code="c">24 cm</subfield>
        </datafield>
        <datafield tag="490" ind1="1" ind2=" ">
          <subfield code="a">Magistri Iohannis Hus Opera omnia</subfield>
        </datafield>
        <datafield tag="500" ind1=" " ind2=" ">
          <subfield code="a">Rozložená tit. s.</subfield>
        </datafield>
        <datafield tag="500" ind1=" " ind2=" ">
          <subfield code="a">400 výt.</subfield>
        </datafield>
        <datafield tag="500" ind1=" " ind2=" ">
          <subfield code="a">Přebal a vazba Josef Prchal</subfield>
        </datafield>
        <datafield tag="504" ind1=" " ind2=" ">
          <subfield code="a">Obsahuje bibliografii a rejstříky</subfield>
        </datafield>
        <datafield tag="546" ind1=" " ind2=" ">
          <subfield code="a">Část. latinský a souběžný latinský text</subfield>
        </datafield>
        <datafield tag="650" ind1="0" ind2="7">
          <subfield code="a">kázání</subfield>
          <subfield code="7">ph122077</subfield>
          <subfield code="2">czenas</subfield>
        </datafield>
        <datafield tag="655" ind1=" " ind2="7">
          <subfield code="a">sbírky</subfield>
          <subfield code="7">fd133349</subfield>
          <subfield code="2">czenas</subfield>
        </datafield>
        <datafield tag="700" ind1="1" ind2=" ">
          <subfield code="a">Daňhelka, Jiří,</subfield>
          <subfield code="d">1919-1993</subfield>
          <subfield code="7">jk01022039</subfield>
          <subfield code="4">edt</subfield>
        </datafield>
        <datafield tag="800" ind1="1" ind2=" ">
          <subfield code="a">Hus, Jan,</subfield>
          <subfield code="d">ca 1371-1415.</subfield>
          <subfield code="t">Opera omnia</subfield>
        </datafield>
        <datafield tag="910" ind1=" " ind2=" ">
          <subfield code="a">ZLG001</subfield>
        </datafield>
     </record>