
     <record
       xmlns="http://www.loc.gov/MARC21/slim"
       xmlns:xsi="http://www.w3.org/2001/XMLSchema-instance"
       xsi:schemaLocation="http://www.loc.gov/MARC21/slim
       http://www.loc.gov/standards/marcxml/schema/MARC21slim.xsd">
        <leader>-----cam-a22-----1a-4500</leader>
        <controlfield tag="001">kpw0120435</controlfield>
        <controlfield tag="003">CZ-ZlKKF</controlfield>
        <controlfield tag="005">20141215135327.8</controlfield>
        <controlfield tag="007">ta</controlfield>
        <controlfield tag="008">940120s1993----xr a|||e||||||000 0|cze||</controlfield>
        <datafield tag="015" ind1=" " ind2=" ">
          <subfield code="a">cnb000077849</subfield>
        </datafield>
        <datafield tag="020" ind1=" " ind2=" ">
          <subfield code="a">80-204-0363-9 (váz.)</subfield>
        </datafield>
        <datafield tag="035" ind1=" " ind2=" ">
          <subfield code="a">(OCoLC)39601681</subfield>
        </datafield>
        <datafield tag="040" ind1=" " ind2=" ">
          <subfield code="a">ABA001</subfield>
          <subfield code="b">cze</subfield>
        </datafield>
        <datafield tag="041" ind1="1" ind2=" ">
          <subfield code="a">cze</subfield>
          <subfield code="h">ger</subfield>
        </datafield>
        <datafield tag="044" ind1=" " ind2=" ">
          <subfield code="a">xr</subfield>
        </datafield>
        <datafield tag="045" ind1=" " ind2=" ">
          <subfield code="a">a0x-</subfield>
        </datafield>
        <datafield tag="080" ind1=" " ind2=" ">
          <subfield code="a">176.5</subfield>
          <subfield code="2">MRF</subfield>
        </datafield>
        <datafield tag="080" ind1=" " ind2=" ">
          <subfield code="a">(048.8)</subfield>
          <subfield code="2">MRF</subfield>
        </datafield>
        <datafield tag="100" ind1="1" ind2=" ">
          <subfield code="a">Schreiber, Hermann,</subfield>
          <subfield code="d">1920-2014</subfield>
          <subfield code="7">xx0003614</subfield>
          <subfield code="4">aut</subfield>
        </datafield>
        <datafield tag="245" ind1="1" ind2="0">
          <subfield code="a">Nejstarší řemeslo :</subfield>
          <subfield code="b">kulturní dějiny prostituce /</subfield>
          <subfield code="c">Lujo Bassermann ; [přeložila Marie Goldmannová]</subfield>
        </datafield>
        <datafield tag="246" ind1="3" ind2="0">
          <subfield code="a">Kulturní dějiny prostituce</subfield>
        </datafield>
        <datafield tag="250" ind1=" " ind2=" ">
          <subfield code="a">1. vyd.</subfield>
        </datafield>
        <datafield tag="260" ind1=" " ind2=" ">
          <subfield code="a">Praha :</subfield>
          <subfield code="b">Mladá fronta,</subfield>
          <subfield code="c">1993</subfield>
          <subfield code="f">(Česká typografie)</subfield>
        </datafield>
        <datafield tag="300" ind1=" " ind2=" ">
          <subfield code="a">333 s. :</subfield>
          <subfield code="b">il. ;</subfield>
          <subfield code="c">21 cm</subfield>
        </datafield>
        <datafield tag="500" ind1=" " ind2=" ">
          <subfield code="a">Přeloženo z němčiny</subfield>
        </datafield>
        <datafield tag="500" ind1=" " ind2=" ">
          <subfield code="a">Jméno autora je pseudonym</subfield>
        </datafield>
        <datafield tag="500" ind1=" " ind2=" ">
          <subfield code="a">Chronologický přehled</subfield>
        </datafield>
        <datafield tag="650" ind1="0" ind2="7">
          <subfield code="a">prostituce</subfield>
          <subfield code="7">ph124654</subfield>
          <subfield code="2">czenas</subfield>
        </datafield>
        <datafield tag="650" ind1="0" ind2="7">
          <subfield code="a">dějiny</subfield>
          <subfield code="7">ph114390</subfield>
          <subfield code="2">czenas</subfield>
        </datafield>
        <datafield tag="653" ind1=" " ind2=" ">
          <subfield code="a">dějiny prostituce</subfield>
        </datafield>
        <datafield tag="655" ind1=" " ind2="7">
          <subfield code="a">monografie</subfield>
          <subfield code="7">fd132842</subfield>
          <subfield code="2">czenas</subfield>
        </datafield>
        <datafield tag="765" ind1="0" ind2=" ">
          <subfield code="t">Älteste Gewerbe</subfield>
          <subfield code="9">Česky</subfield>
        </datafield>
        <datafield tag="910" ind1=" " ind2=" ">
          <subfield code="a">ZLG001</subfield>
        </datafield>
     </record>