
     <record
       xmlns="http://www.loc.gov/MARC21/slim"
       xmlns:xsi="http://www.w3.org/2001/XMLSchema-instance"
       xsi:schemaLocation="http://www.loc.gov/MARC21/slim
       http://www.loc.gov/standards/marcxml/schema/MARC21slim.xsd">
        <leader>-----nam-a22-----1a-4500</leader>
        <controlfield tag="001">kpw0120531</controlfield>
        <controlfield tag="003">CZ-ZlKKF</controlfield>
        <controlfield tag="005">20150115140627.1</controlfield>
        <controlfield tag="007">ta</controlfield>
        <controlfield tag="008">920528q1990----xr ||||||||||u000|||cze||</controlfield>
        <datafield tag="015" ind1=" " ind2=" ">
          <subfield code="a">cnb000066608</subfield>
        </datafield>
        <datafield tag="020" ind1=" " ind2=" ">
          <subfield code="q">(Brož.)</subfield>
        </datafield>
        <datafield tag="035" ind1=" " ind2=" ">
          <subfield code="a">(OCoLC)39571839</subfield>
        </datafield>
        <datafield tag="040" ind1=" " ind2=" ">
          <subfield code="a">ABA001</subfield>
          <subfield code="b">cze</subfield>
          <subfield code="d">ABA001</subfield>
        </datafield>
        <datafield tag="041" ind1="0" ind2=" ">
          <subfield code="a">cze</subfield>
        </datafield>
        <datafield tag="043" ind1=" " ind2=" ">
          <subfield code="a">e-xr---</subfield>
        </datafield>
        <datafield tag="044" ind1=" " ind2=" ">
          <subfield code="a">xr</subfield>
        </datafield>
        <datafield tag="072" ind1=" " ind2="7">
          <subfield code="a">929</subfield>
          <subfield code="x">Biografie</subfield>
          <subfield code="2">Konspekt</subfield>
          <subfield code="9">8</subfield>
          <subfield code="7">sk136036</subfield>
        </datafield>
        <datafield tag="080" ind1=" " ind2=" ">
          <subfield code="a">92 Hus, J.</subfield>
          <subfield code="2">undef</subfield>
        </datafield>
        <datafield tag="080" ind1=" " ind2=" ">
          <subfield code="a">92 Masaryk, T.G.</subfield>
          <subfield code="2">undef</subfield>
        </datafield>
        <datafield tag="080" ind1=" " ind2=" ">
          <subfield code="a">92 Komenský, J.A.</subfield>
          <subfield code="2">undef</subfield>
        </datafield>
        <datafield tag="100" ind1="1" ind2=" ">
          <subfield code="a">Rühling, Richard</subfield>
          <subfield code="4">aut</subfield>
        </datafield>
        <datafield tag="245" ind1="1" ind2="0">
          <subfield code="a">Velikáni historie na křižovatkách českých dějin :</subfield>
          <subfield code="b">Mistr Jan Hus, Jan Amos Komenský, Tomáš G. Masaryk /</subfield>
          <subfield code="c">[R. Rühling ; A. Zástěra ; graf. úprava H. Breitenbacherová]</subfield>
        </datafield>
        <datafield tag="260" ind1=" " ind2=" ">
          <subfield code="a">Nový Jičín :</subfield>
          <subfield code="b">Církev adventistů sedmého dne,</subfield>
          <subfield code="c">[1990]</subfield>
          <subfield code="f">(St. tiskárny Nový Jičín)</subfield>
        </datafield>
        <datafield tag="300" ind1=" " ind2=" ">
          <subfield code="a">27 s. ;</subfield>
          <subfield code="c">21 cm</subfield>
        </datafield>
        <datafield tag="500" ind1=" " ind2=" ">
          <subfield code="a">Rozmn.</subfield>
        </datafield>
        <datafield tag="500" ind1=" " ind2=" ">
          <subfield code="a">40000 výt.</subfield>
        </datafield>
        <datafield tag="505" ind1="0" ind2=" ">
          <subfield code="a">Mistr Jan Hus -- Jan Amos Komenský / R. Rühling -- Tomáš Garrigue Masaryk / A. Zástěra</subfield>
        </datafield>
        <datafield tag="600" ind1="1" ind2="7">
          <subfield code="a">Masaryk, Tomáš Garrigue,</subfield>
          <subfield code="d">1850-1937</subfield>
          <subfield code="7">jk01080472</subfield>
          <subfield code="2">czenas</subfield>
        </datafield>
        <datafield tag="600" ind1="1" ind2="7">
          <subfield code="a">Hus, Jan,</subfield>
          <subfield code="d">ca 1371-1415</subfield>
          <subfield code="7">jk01043287</subfield>
          <subfield code="2">czenas</subfield>
        </datafield>
        <datafield tag="600" ind1="1" ind2="7">
          <subfield code="a">Komenský, Jan Amos,</subfield>
          <subfield code="d">1592-1670</subfield>
          <subfield code="7">jk01061444</subfield>
          <subfield code="2">czenas</subfield>
        </datafield>
        <datafield tag="651" ind1=" " ind2="7">
          <subfield code="a">Česko</subfield>
          <subfield code="7">ge128065</subfield>
          <subfield code="2">czenas</subfield>
        </datafield>
        <datafield tag="653" ind1="0" ind2=" ">
          <subfield code="a">české osobnosti</subfield>
        </datafield>
        <datafield tag="655" ind1=" " ind2="7">
          <subfield code="a">medailony</subfield>
          <subfield code="7">fd185951</subfield>
          <subfield code="2">czenas</subfield>
        </datafield>
        <datafield tag="700" ind1="1" ind2=" ">
          <subfield code="a">Zástěra, Aleš,</subfield>
          <subfield code="d">1957-</subfield>
          <subfield code="7">mzk2003171489</subfield>
          <subfield code="4">aut</subfield>
        </datafield>
        <datafield tag="740" ind1="0" ind2="2">
          <subfield code="a">Tomáš Garrigue Masaryk</subfield>
        </datafield>
        <datafield tag="740" ind1="0" ind2="2">
          <subfield code="a">Mistr Jan Hus</subfield>
        </datafield>
        <datafield tag="740" ind1="0" ind2="2">
          <subfield code="a">Jan Amos Komenský</subfield>
        </datafield>
        <datafield tag="910" ind1=" " ind2=" ">
          <subfield code="a">ZLG001</subfield>
        </datafield>
     </record>
  </collection>